<?xml version="1.0" encoding="UTF-8"?><collection xmlns="http://www.loc.gov/MARC21/slim"><record><leader>00384nam--2200121-i-4500</leader><controlfield tag="001">000021220</controlfield><controlfield tag="002">20161230</controlfield><controlfield tag="005">20161230201034</controlfield><controlfield tag="008">060222s1000------------r-----000-0-eng-d</controlfield><datafield ind1=" " ind2=" " tag="080"><subfield code="a">53.08</subfield></datafield><datafield ind1=" " ind2=" " tag="245"><subfield code="a">Handbook of scientific instruments and apparatus, 1956, published in connection with 40-th physical society exhibition</subfield></datafield><datafield ind1=" " ind2=" " tag="260"><subfield code="a">London, Physical Soc. 1956. Xvi + 257 P</subfield></datafield><datafield ind1=" " ind2=" " tag="852"><subfield code="a">12198</subfield></datafield></record></collection>